<record><leader>00000cas a22000007a 4500</leader><controlfield tag="001">40764942</controlfield><controlfield tag="008">990210c19919999meumr ne      0    0eng d</controlfield><datafield ind1=" " ind2=" " tag="010"><subfield code="a">sn 99066505 </subfield></datafield><datafield ind1=" " ind2=" " tag="040"><subfield code="a">MBN</subfield><subfield code="b">eng</subfield><subfield code="c">MBN</subfield><subfield code="d">OCLCQ</subfield><subfield code="d">OCLCF</subfield><subfield code="d">OCLCO</subfield></datafield><datafield ind1="1" ind2=" " tag="029"><subfield code="a">AU@</subfield><subfield code="b">000014547473</subfield></datafield><datafield ind1=" " ind2=" " tag="042"><subfield code="a">msc</subfield></datafield><datafield ind1="0" ind2=" " tag="130"><subfield code="a">Good neighbors (Appleton, Me.)</subfield></datafield><datafield ind1="0" ind2="0" tag="245"><subfield code="a">Good neighbors.</subfield></datafield><datafield ind1=" " ind2=" " tag="260"><subfield code="a">Appleton, Me. :</subfield><subfield code="b">Gary E. Sukeforth</subfield></datafield><datafield ind1=" " ind2=" " tag="300"><subfield code="a">v.</subfield></datafield><datafield ind1=" " ind2=" " tag="310"><subfield code="a">Monthly</subfield></datafield><datafield ind1="0" ind2=" " tag="362"><subfield code="a">Vol. 1, no.! [sic] (Feb. 1991)-</subfield></datafield><datafield ind1=" " ind2=" " tag="500"><subfield code="a">Published in Union, Me., &lt;June 1991-</subfield></datafield><datafield ind1=" " ind2="0" tag="651"><subfield code="a">Union (Me.)</subfield><subfield code="v">Newspapers.</subfield></datafield><datafield ind1=" " ind2="0" tag="651"><subfield code="a">Appleton (Me.)</subfield><subfield code="v">Newspapers.</subfield></datafield><datafield ind1=" " ind2="7" tag="655"><subfield code="a">Newspapers.</subfield><subfield code="2">fast</subfield><subfield code="0">(OCoLC)fst01423814</subfield></datafield><datafield ind1=" " ind2="7" tag="651"><subfield code="a">Maine</subfield><subfield code="z">Appleton.</subfield><subfield code="2">fast</subfield><subfield code="0">(OCoLC)fst01876304</subfield></datafield><datafield ind1=" " ind2="7" tag="651"><subfield code="a">Maine</subfield><subfield code="z">Union.</subfield><subfield code="2">fast</subfield><subfield code="0">(OCoLC)fst01206581</subfield></datafield><datafield ind1=" " ind2=" " tag="752"><subfield code="a">United States</subfield><subfield code="b">Maine</subfield><subfield code="c">Knox</subfield><subfield code="d">Appleton.</subfield></datafield></record>